%%%%%%%%%%%%%%%%%%%%%%%%%
%Platzhalter Quellen
%%%%%%%%%%%%%%%%%%%%%%%%%
@MISC{Tp,
author = {Allan, Daniel B. and
          Caswell, Thomas and
          Keim, Nathan C. and
          van der Wel, Casper M. and
          Verweij, Ruben W.},
title = {Parameter of the locate Funktion},
month = may,
year = {2021},
howpublished={\url{http://soft-matter.github.io/trackpy/v0.5.0/generated/trackpy.locate.html#rd8297186acd3-1}}
}

@misc{trackpy_allan_daniel_b_2021_4682814,
  author       = {Allan, Daniel B. and
                  Caswell, Thomas and
                  Keim, Nathan C. and
                  van der Wel, Casper M. and
                  Verweij, Ruben W.},
  title        = {soft-matter/trackpy: Trackpy v0.5.0},
  month        = apr,
  year         = 2021,
  publisher    = {Zenodo},
  version      = {v0.5.0},
  doi          = {10.5281/zenodo.4682814},
  url          = {https://doi.org/10.5281/zenodo.4682814}
}

@misc{spt_stehr_stein_2020, 
 title={Schwille-paint/SPT: Complete Single Particle Tracking Analysis Workflow.}, 
 url={https://github.com/schwille-paint/SPT}, 
 journal={GitHub}, 
 author={ Stehr, Florian and Stein, Johannes}, 
 year={2020}
}

@misc{picasso_jungmannlab_2019, 
 title={Jungmannlab/Picasso: A collection of tools for painting super-resolution images}, 
 url={https://github.com/jungmannlab/picasso}, 
 journal={GitHub}, 
 author={Jungmannlab, team}, 
 year={2019}
}

@misc{picasso_addon_schwille-paint_2020, 
 title={Schwille-paint/picasso\_addon: Extensions to Picasso Python package.}, 
 url={https://github.com/schwille-paint/picasso_addon}, 
 journal={GitHub}, 
 author={Schwille-Paint, team}, 
 year={2020}
} 

@article{Smith2021,
  doi = {10.21105/joss.03611},
  url = {https://doi.org/10.21105/joss.03611},
  year = {2021},
  publisher = {The Open Journal},
  volume = {6},
  number = {66},
  pages = {3611},
  author = {Mike I. Smith and James G. Downs},
  title = {ParticleTracker: a gui based particle tracking software},
  journal = {Journal of Open Source Software}
}

@article{hertzum1996browsing,
  title={Browsing and querying in online documentation: A study of user interfaces and the interaction process},
  author={Hertzum, Morten and Fr{\o}kj{\ae}r, Erik},
  journal={ACM Transactions on Computer-Human Interaction (TOCHI)},
  volume={3},
  number={2},
  pages={136--161},
  year={1996},
  publisher={ACM New York, NY, USA}
}

@article{opencv_library,
    author = {Bradski, G.},
    citeulike-article-id = {2236121},
    journal = {Dr. Dobb's Journal of Software Tools},
    keywords = {bibtex-import},
    posted-at = {2008-01-15 19:21:54},
    priority = {4},
    title = {{The OpenCV Library}},
    year = {2000}
}

@article{ron_shnapp_MyPTV,
  author       = {Ron Shnapp},
  title        = {{ronshnapp/MyPTV: V0.4.3 - First release and JOSS 
                   publication}},
  month        = jul,
  year         = 2022,
  publisher    = {Zenodo},
  version      = {V0.4.3},
  doi          = {10.5281/zenodo.6846969},
  url          = {https://doi.org/10.5281/zenodo.6846969}
}

@article{5725235_Python_Scientists_and_Engineers,
  title={Python for scientists and engineers},
  author={Millman, K Jarrod and Aivazis, Michael},
  journal={Computing in Science \& Engineering},
  volume={13},
  number={2},
  pages={9--12},
  year={2011},
  publisher={IEEE}
}

@article{5582063_Python_Ecosystem_Scientific_Computing,  
  title={Python: an ecosystem for scientific computing},
  author={Perez, Fernando and Granger, Brian E and Hunter, John D},
  journal={Computing in Science \& Engineering},
  volume={13},
  number={2},
  pages={13--21},
  year={2010},
  publisher={IEEE}
}


@misc{prigent_2020, 
  title={Sylvainprigent/stracking: Python Library for particles tracking in 2D+T and 3D+T scientific   images}, 
  url={https://github.com/sylvainprigent/stracking}, 
  journal={GitHub}, 
  author={Prigent, Sylvain}, 
  year={2020}
} 

@misc{prigent_2021_napari, 
 title={Sylvainprigent/Napari-stracking: Napari plugin for particles tracking}, 
 url={https://github.com/sylvainprigent/napari-stracking}, 
 journal={GitHub}, 
 author={Prigent, Sylvain}, 
 year={2021}
} 

@techreport{trajektorienDemonstration,
    author={Matthew B. Luebbers and Connor Brooks and Minjae John Kim and Daniel Szafir and Bradley Hayes},
    title={Augmented Reality Interface for Constrained Learning from Demonstration},
    institution={University of Colorado Boulder Boulder, CO, USA},
    year={}
}

@techreport{trajektorenVRDemo,
    author={Andrei Haidu and Michael Beetz},
    title={Automated acquisition of structured, semantic models of manipulation activities from human VR demonstration},
    institution={Institute for Artificial Intelligence, University of Bremen, Germany},
    year={2020}
}